<record><leader>00000cas a22000007a 4500</leader><controlfield tag="001">11258595</controlfield><controlfield tag="008">841012d18681904inuwr ne      0    0eng d</controlfield><datafield ind1=" " ind2=" " tag="010"><subfield code="a">sn 84038232 </subfield></datafield><datafield ind1=" " ind2=" " tag="040"><subfield code="a">NPX</subfield><subfield code="b">eng</subfield><subfield code="c">NPX</subfield><subfield code="d">NPU</subfield><subfield code="d">NPI</subfield><subfield code="d">MGN</subfield><subfield code="d">OCLCQ</subfield></datafield><datafield ind1=" " ind2=" " tag="042"><subfield code="a">msc</subfield></datafield><datafield ind1="0" ind2="0" tag="245"><subfield code="a">Vevay Democrat.</subfield></datafield><datafield ind1=" " ind2=" " tag="260"><subfield code="a">Vevay, Ind. :</subfield><subfield code="b">Edwin H. and C.W. Mead,</subfield><subfield code="c">1868-</subfield></datafield><datafield ind1=" " ind2=" " tag="300"><subfield code="a">v. :</subfield><subfield code="b">ill. ;</subfield><subfield code="c">54-72 cm.</subfield></datafield><datafield ind1=" " ind2=" " tag="310"><subfield code="a">Weekly</subfield></datafield><datafield ind1="0" ind2=" " tag="362"><subfield code="a">Vol. 1, no. 1 (Oct. 22, 1868)-</subfield></datafield><datafield ind1="1" ind2=" " tag="362"><subfield code="a">Ceased in 1904. Cf. Miller, John W. Ind. newspaper bibl.</subfield></datafield><datafield ind1=" " ind2=" " tag="500"><subfield code="a">Publishers: Thomas D. Wright &amp; Sons, 1868-1875; Irwin Armstrong, 1875-1882; Philip Hartford and F.J. Dalmazzo, 1882-1884; Philip Hartford, 1884-&lt;1894&gt;; John F. Patton, &lt;1896&gt;-1896; John P. Carter, 1896-&lt;1900&gt;; Edwin H. and C.W. Mead, &lt;1900&gt; Cf. Miller.</subfield></datafield><datafield ind1=" " ind2=" " tag="500"><subfield code="a">Illustrations: Views of the Centennial Exposition, May 20, 1876; "Illustrated special edition" featuring people and places of interest in Vevay, Jan. 1898.</subfield></datafield><datafield ind1=" " ind2=" " tag="500"><subfield code="a">Democratic.</subfield></datafield><datafield ind1=" " ind2=" " tag="580"><subfield code="a">Daily ed.: Daily bulletin, 1875-6.</subfield></datafield><datafield ind1=" " ind2=" " tag="752"><subfield code="a">United States</subfield><subfield code="b">Indiana</subfield><subfield code="c">Switzerland</subfield><subfield code="d">Vevay.</subfield></datafield><datafield ind1="1" ind2=" " tag="775"><subfield code="t">Daily bulletin (Vevay, Ind.)</subfield><subfield code="w">(DLC)sn 85047726</subfield></datafield><datafield ind1="0" ind2="7" tag="785"><subfield code="t">Vevay times</subfield><subfield code="w">(DLC)sn 85047725</subfield></datafield><datafield ind1="0" ind2="7" tag="785"><subfield code="t">Switzerland Democrat</subfield><subfield code="w">(DLC)sn 85047724</subfield></datafield><datafield ind1="1" ind2=" " tag="029"><subfield code="a">AU@</subfield><subfield code="b">000025819735</subfield></datafield></record>